@inproceedings{andrist2015look,
 author = {Andrist, S. and Mutlu, B. and Tapus, A.},
 title = {Look Like Me: Matching Robot Personality via Gaze to Increase Motivation},
 booktitle = {Proceedings of the 33rd Annual ACM Conference on Human Factors in Computing Systems},
 series = {CHI '15},
 year = {2015},
 location = {Seoul, Republic of Korea},
 pages = {3603--3612},
 publisher = {ACM},
 address = {New York, NY, USA},
}

@article{bard1988referring,
  title={Referring and gaze alignment: Accessibility is alive and well in situated dialogue},
  author={Bard, E. G. and Hill, R. and Arai, M.},
  journal={Ariel},
  volume={1990},
  pages={2001},
  year={1988}
}

@article {richardson2005looking,
author = {Richardson, D. C. and Dale, R.},
title = {Looking To Understand: The Coupling Between Speakers' and Listeners' Eye Movements and Its Relationship to Discourse Comprehension},
journal = {Cognitive Science},
volume = {29},
number = {6},
publisher = {Lawrence Erlbaum Associates, Inc.},
pages = {1045--1060},
year = {2005},
}

@article{hanna2007speakers,
title = "Speakers’ eye gaze disambiguates referring expressions early during face-to-face conversation",
journal = "Journal of Memory and Language",
volume = "57",
number = "4",
pages = "596-615",
year = "2007",
author = "Hanna, J. E. and Brennan, S. E."
}

@unpublished{pejsa2015authoring,
 author = {Pejsa, T. and Rakita, D. and Mutlu, B. and Gleicher, M.},
 title = {Authoring Directed Gaze for Character Animation},
 note = {under review}
}

@article{geller2008overcoming,
 author = {Geller, T.},
 title = {Overcoming the Uncanny Valley},
 journal = {IEEE Computer Graphics \& Applications},
 volume = {28},
 number = {4},
 year = {2008},
 pages = {11--17},
 publisher = {IEEE Computer Society Press},
 address = {Los Alamitos, CA, USA},
}

@INPROCEEDINGS{strabala2012learning,
author={Strabala, K. and Min Kyung Lee and Dragan, A. and Forlizzi, J. and Srinivasa, S.S.},
booktitle={RO-MAN},
title={Learning the communication of intent prior to physical collaboration},
year={2012},
pages={968-973},
}

@article{preissler2005role,
title = "The role of inferences about referential intent in word learning: Evidence from autism",
journal = "Cognition",
volume = "97",
number = "1",
pages = "B13--B23",
year = "2005",
author = "Preissler, M. A. and Carey, S.",
}

@ARTICLE{lee2002general,
author={Lee, J. and Shin, S. Y.},
journal={IEEE Transactions on Visualization and Computer Graphics},
title={General construction of time-domain filters for orientation data},
year={2002},
volume={8},
number={2},
pages={119-128},
}

@article{shin2001puppetry,
 author = {Shin, H. J. and Lee, J. and Shin, S. Y. and Gleicher, M.},
 title = {Computer Puppetry: An Importance-based Approach},
 journal = {ACM Transactions on Graphics},
 volume = {20},
 number = {2},
 month = apr,
 year = {2001},
 pages = {67--94},
 publisher = {ACM},
 address = {New York, NY, USA},
}

@article {ruhland2015gazereview,
author = {Ruhland, K. and Peters, C. E. and Andrist, S. and Badler, J. B. and Badler, N. I. and Gleicher, M. and Mutlu, B. and McDonnell, R.},
title = {A Review of Eye Gaze in Virtual Agents, Social Robotics and HCI: Behaviour Generation, User Interaction and Perception},
journal = {Computer Graphics Forum},
year = {2015},
}

@incollection{vilhjalmsson2007bml,
year={2007},
booktitle={Intelligent Virtual Agents},
volume={4722},
series={Lecture Notes in Computer Science},
title={The Behavior Markup Language: Recent Developments and Challenges},
publisher={Springer Berlin Heidelberg},
author={Vilhjálmsson, H. and Cantelmo, N. and Cassell, J. and Chafai, N. E. and Kipp, M. and Kopp, S. and Mancini, M. and Marsella, S. and Marshall, A. N. and Pelachaud, C. and Ruttkay, Z. and Thórisson, K. R. and van Welbergen, H. and van der Werf, R. J.},
pages={99-111},
}

@incollection{vilhjalmsson2004animating,
year={2004},
booktitle={Entertainment Computing – ICEC 2004},
volume={3166},
series={Lecture Notes in Computer Science},
title={Animating Conversation in Online Games},
publisher={Springer Berlin Heidelberg},
author={Vilhjálmsson, H.},
pages={139-150},
language={English}
}

@article{cassell1999fully,
 author = {Cassell, J. and Vilhj\'{a}lmsson, H.},
 title = {Fully Embodied Conversational Avatars: Making Communicative Behaviors Autonomous},
 journal = {Autonomous Agents and Multi-Agent Systems},
 volume = {2},
 number = {1},
 year = {1999},
 pages = {45--64},
 publisher = {Kluwer Academic Publishers},
 address = {Hingham, MA, USA},
}

@inproceedings{vilhjalmsson1998bodychat,
 author = {Vilhj\'{a}lmsson, H. H. and Cassell, J.},
 title = {BodyChat: Autonomous Communicative Behaviors in Avatars},
 booktitle = {Proceedings of the Second International Conference on Autonomous Agents},
 series = {AGENTS '98},
 year = {1998},
 location = {Minneapolis, Minnesota, USA},
 pages = {269--276},
 publisher = {ACM},
 address = {New York, NY, USA},
}

@article {vinayagamoorthy2004eyegaze,
author = {Vinayagamoorthy, V. and Garau, M. and Steed, A. and Slater, M.},
title = {An Eye Gaze Model for Dyadic Interaction in an Immersive Virtual Environment: Practice and Experience},
journal = {Computer Graphics Forum},
volume = {23},
number = {1},
publisher = {Blackwell Publishing Ltd.},
pages = {1--11},
year = {2004},
}

@inproceedings{marsella2013virtual,
 author = {Marsella, S. and Xu, Y. and Lhommet, M. and Feng, A. and Scherer, S. and Shapiro, A.},
 title = {Virtual Character Performance from Speech},
 booktitle = {Proceedings of the 12th ACM SIGGRAPH/Eurographics Symposium on Computer Animation},
 series = {SCA '13},
 year = {2013},
 location = {Anaheim, California},
 pages = {25--35},
 publisher = {ACM},
 address = {New York, NY, USA},
}

@article{zoric2011oncreating,
year={2011},
journal={Multimedia Tools and Applications},
volume={54},
number={1},
title={On creating multimodal virtual humans—real time speech driven facial gesturing},
publisher={Springer US},
author={Zoric, G. and Forchheimer, R. and Pandzic, I. S.},
pages={165-179},
}

@inproceedings{bee2010gaze,
    author = {Bee, N. and Wagner, J. and Andr{\'{e}}, E. and Vogt, T. and Charles, F. and Pizzi, D. and Cavazza, M.},
     title = {Gaze Behavior during Interaction with a Virtual Character in Interactive Storytelling},
      year = {2010},
  booktitle = {International Workshop on Interacting with ECAs as Virtual Characters (AAMAS 2010)},
  location = {Toronto, Canada},
}

@incollection{gratch2007rapport,
year={2007},
booktitle={Intelligent Virtual Agents},
volume={4722},
series={Lecture Notes in Computer Science},
title={Creating Rapport with Virtual Agents},
publisher={Springer Berlin Heidelberg},
author={Gratch, J. and Wang, N. and Gerten, J. and Fast, E. and Duffy, R.},
pages={125-138},
language={English}
}

@article{li2012emotional,
 author = {Li, Z. and Mao, X.},
 title = {Emotional Eye Movement Generation Based on Geneva Emotion Wheel for Virtual Agents},
 journal = {Journal of Visual Languages and Computing},
 volume = {23},
 number = {5},
 year = {2012},
 pages = {299--310},
 publisher = {Academic Press, Inc.},
 address = {Orlando, FL, USA},
}

@inproceedings{lance2007emotionally,
 author = {Lance, B. and Marsella, S. C.},
 title = {Emotionally Expressive Head and Body Movement During Gaze Shifts},
 booktitle = {Proceedings of the 7th International Conference on Intelligent Virtual Agents},
 series = {IVA '07},
 year = {2007},
 location = {Paris, France},
 pages = {72--85},
 publisher = {Springer-Verlag},
 address = {Berlin, Heidelberg},
}

@inproceedings{queiroz2007automatic,
 author = {Queiroz, R. B. and Barros, Leandro M. and Musse, Soraia R.},
 title = {Automatic Generation of Expressive Gaze in Virtual Animated Characters: From Artists Craft to a Behavioral Animation Model},
 booktitle = {Proceedings of the 7th International Conference on Intelligent Virtual Agents},
 series = {IVA '07},
 year = {2007},
 location = {Paris, France},
 pages = {401--402},
 publisher = {Springer-Verlag},
 address = {Berlin, Heidelberg},
}

@inproceedings{peters2003attention,
 author = {Peters, C. and O'Sullivan, C.},
 title = {Attention-driven Eye Gaze and Blinking for Virtual Humans},
 booktitle = {ACM SIGGRAPH 2003 Sketches \& Applications},
 series = {SIGGRAPH '03},
 year = {2003},
 location = {San Diego, California},
 pages = {1--1},
 publisher = {ACM},
 address = {New York, NY, USA},
}

@article{pejsa2015gaze,
 author = {Pejsa, T. and Andrist, S. and Gleicher, M. and Mutlu, B.},
 title = {Gaze and Attention Management for Embodied Conversational Agents},
 journal = {ACM Transactions on Interactive Intelligent Systems},
 volume = {5},
 number = {1},
 year = {2015},
 pages = {3:1--3:34},
 publisher = {ACM},
 address = {New York, NY, USA},
}

@article {masuko2007headeye,
author = {Masuko, S. and Hoshino, J.},
title = {Head-eye Animation Corresponding to a Conversation for CG Characters},
journal = {Computer Graphics Forum},
volume = {26},
number = {3},
publisher = {Blackwell Publishing Ltd},
pages = {303--312},
year = {2007},
}

@article{le2012live,
author = {Le, B. H. and Ma, X. and Deng, Z.},
title = {Live Speech Driven Head-and-Eye Motion Generators},
journal ={IEEE Transactions on Visualization and Computer Graphics},
volume = {18},
year = {2012},
pages = {1902-1914},
publisher = {IEEE Computer Society},
address = {Los Alamitos, CA, USA},
}

@article{yeo2012eyecatch,
 author = {Yeo, S. H. and Lesmana, M. and Neog, D. R. and Pai, D. K.},
 title = {Eyecatch: Simulating Visuomotor Coordination for Object Interception},
 journal = {ACM Transactions on Graphics},
 volume = {31},
 number = {4},
 month = jul,
 year = {2012},
 pages = {42:1--42:10},
 publisher = {ACM},
 address = {New York, NY, USA}
}

@incollection{clark1991grounding,
 author = {Clark, H. H. and Brennan, S. A.},
 title = {Grounding in Communication},
 editor = {Resnick, L. B. and Levine, J. M. and Teasley, S. D.},
 booktitle = {Perspectives on Socially Shared Cognition},
 publisher = {APA Books},
 address = {Washington},
 year={1991}
}

@inproceedings{nakano2003facetoface,
 author = {Nakano, Y. I. and Reinstein, G. and Stocky, T. and Cassell, J.},
 title = {Towards a Model of Face-to-Face Grounding},
 booktitle = {Proceedings of the 41st Annual Meeting on Association for Computational Linguistics - Volume 1},
 series = {ACL '03},
 year = {2003},
 location = {Sapporo, Japan},
 pages = {553--561},
 publisher = {Association for Computational Linguistics},
 address = {Stroudsburg, PA, USA},
}

@article{bailly2010gaze,
 author = {Bailly, G. and Raidt, S. and Elisei, F.},
 title = {Gaze, Conversational Agents and Face-to-face Communication},
 journal = {Speech Communication},
 volume = {52},
 number = {6},
 month = jun,
 year = {2010},
 pages = {598--612},
 publisher = {Elsevier},
 address = {Amsterdam, The Netherlands}
}

@inproceedings{thiebaux2009realtime,
 author = {Thiebaux, M. and Lance, B. and Marsella, S.},
 title = {Real-time Expressive Gaze Animation for Virtual Humans},
 booktitle = {Proceedings of The 8th International Conference on Autonomous Agents and Multiagent Systems - Volume 1},
 series = {AAMAS '09},
 year = {2009},
 location = {Budapest, Hungary},
 pages = {321--328},
 publisher = {International Foundation for Autonomous Agents and Multiagent Systems},
 address = {Richland, SC}
}

@article{uemura1980eyehead,
author = {Uemura, T. and Arai, Y. and Shimazaki, C.},
title = {Eye-head coordination during lateral gaze in normal subjects},
journal = {Acta Oto-Laryngologica},
volume = {90},
number = {3--4},
pages = {191--198},
year = {1980},
publisher = {Informa}
}

@article{barnes1979vor,
author = {Barnes, G. R.},
title = {Vestibulo-ocular function during co-ordinated head and eye movements to acquire visual targets},
journal = {The Journal of Physiology},
volume = {287},
number = {1},
pages = {127--147},
year = {1979},
publisher = {Cambridge University Press}
}

@article {lusk2007animated,
author = {Lusk, M. M. and Atkinson, R. K.},
title = {Animated pedagogical agents: does their degree of embodiment impact learning from static or animated worked examples?},
journal = {Applied Cognitive Psychology},
volume = {21},
number = {6},
publisher = {John Wiley & Sons, Ltd.},
pages = {747--764},
year = {2007}
}

@inproceedings{tartaro2007authorable,
 author = {Tartaro, A.},
 title = {Authorable virtual peers for children with autism},
 booktitle = {CHI '07 Extended Abstracts on Human Factors in Computing Systems},
 series = {CHI EA '07},
 year = {2007},
 location = {San Jose, CA, USA},
 pages = {1677--1680},
 publisher = {ACM},
 address = {New York, NY, USA}
}

@article{mutlu2012conversational,
 author = {Mutlu, B. and Kanda, T. and Forlizzi, J. and Hodgins, J. and Ishiguro, H.},
 title = {Conversational gaze mechanisms for humanlike robots},
 journal = {ACM Transactions on Interactive Intelligent Systems},
 volume = {1},
 number = {2},
 month = jan,
 year = {2012},
 pages = {12:1--12:33},
 publisher = {ACM},
 address = {New York, NY, USA}
}

@article{andredeshays1988eyehead1,
year={1988},
journal={Experimental Brain Research},
volume={69},
number={2},
title={Eye-head coupling in humans},
author={Andr\'e-Deshays, C. and Berthoz, A. and Revel, M.},
pages={399-406},
language={English}
}

@article{baroncohen1994baby,
    author = {Baron-Cohen, S.},
    journal = {Cahiers de Psychologie Cognitive/Current Psychology of Cognition},
    pages = {513--552},
    title = {{How to build a baby that can read minds: Cognitive mechanisms in mindreading}},
    volume = {13},
    number = {5},
    year = {1994}
}

@article{fry1975effects,
  title={The effects of feedback and eye contact on performance of a digit-coding task},
  author={Fry, R. and Smith, G. F.},
  journal={The Journal of Social Psychology},
  year={1975},
  volume={96},
  number={1},
  pages={145--146},
  publisher={Heldref Publications}
}

@article {pejsa2010sbe,
author = {Pejsa, T. and Pandzic, I. S.},
title = {State of the Art in Example-Based Motion Synthesis for Virtual Characters in Interactive Applications},
journal = {Computer Graphics Forum},
volume = {29},
number = {1},
publisher = {Blackwell Publishing Ltd},
pages = {202--226},
year = {2010},
}


@article{bahill1975main,
title = "The main sequence, a tool for studying human eye movements",
journal = "Mathematical Biosciences",
volume = "24",
number = "3�4",
pages = "191-204",
year = "1975",
author = "Bahill, A. T. and Clark, M. R. and Stark, L."
}

@article{perrett1994understanding,
    author = {Perrett, D. I. and Emery, N. J.},
    journal = {Cahiers de Psychologie Cognitive/Current Psychology of Cognition},
    keywords = {detection, gaze, gproj, head, social},
    number = {5},
    pages = {683--694},
    priority = {2},
    title = {Understanding the intentions of others from visual signals: Neurophysiological evidence.},
    volume = {13},
    year = {1994}
}

@article{griffin2001gaze,
  title={Gaze durations during speech reflect word selection and phonological encoding},
  author={Griffin, Z. M.},
  journal={Cognition},
  volume={82},
  number={1},
  pages={B1--B14},
  year={2001},
  publisher={Elsevier}
}

@article{meyer1998viewing,
  title={Viewing and naming objects: Eye movements during noun phrase production},
  author={Meyer, A. S. and Sleiderink, A. M. and Levelt, W. J. M.},
  journal={Cognition},
  volume={66},
  number={2},
  pages={B25--B33},
  year={1998},
  publisher={Elsevier}
}

@article{liu2011awareness,
  title={Awareness of Partner's Eye Gaze in Situated Referential Grounding: An Empirical Study},
  author={Liu, C. and Kay, D. L. and Chai, J. Y.},
  journal={2nd Workshop on Eye Gaze in Intelligent Human Machine Interaction},
  year={2011}
}

@article{fox2009virtual,
  title={Virtual virgins and vamps: The effects of exposure to female characters' sexualized appearance and gaze in an immersive virtual environment},
  author={Fox, J. and Bailenson, J. N.},
  journal={Sex roles},
  volume={61},
  number={3},
  pages={147--157},
  year={2009},
  publisher={Springer}
}

@inproceedings{heylen2005experimenting,
  year={2002},
  booktitle={Proceedings of International CLASS Workshop on Natural, Intelligent and Effective Interaction in Multimodal Dialogue Systems},
  title={Experimenting with the gaze of a conversational agent},
  author={Heylen, D. and Van Es, I. and Van Dijk, E. and Nijholt, A. and Van Dijk, B.},
  location={Copenhagen, Denmark},
  publisher={Kluwer Academic Publishers},
  pages={93--100}
}

@incollection{andrist2013aversion,
year={2013},
booktitle={Proceedings of 13th International Conference on Intelligent Virtual Agents},
series={IVA '13},
volume={8108},
editor={Aylett, R. and Krenn, B. and Pelachaud, C. and Shimodaira, H.},
title={Conversational Gaze Aversion for Virtual Agents},
publisher={Springer Berlin Heidelberg},
keywords={Gaze aversion; virtual agents; conversational behavior; intimacy; disclosure; turn-taking},
author={Andrist, S. and Mutlu, B. and Gleicher, M.},
pages={249-262}
}

@article{kelley1988effects,
  title={Effects of immediacy on recall of information.},
  author={Kelley, D. H. and Gorham, J.},
  journal={Communication Education},
  year={1988},
  volume={37},
  number={3},
  publisher={Taylor \& Francis}
}

@article{fullwood2006effect,
  title={Effect of gazing at the camera during a video link on recall},
  author={Fullwood, C. and Doherty-Sneddon, G.},
  journal={Applied Ergonomics},
  volume={37},
  number={2},
  pages={167--175},
  year={2006},
  publisher={Elsevier}
}

@incollection{harris2005nomore,
  title={No more teachers' dirty looks: Effects of teacher nonverbal behavior on student outcomes},
  author={Harris, M. J. and Rosenthal, R.},
  booktitle={Applications of nonverbal communication},
  editor={Riggio, R. E. and Feldman, R. S.},
  pages={157--192},
  year={2005},
  publisher={Lawrence Erlbaum Mahwah}
}

@article{mehrabian1966immediacy,
  title={Immediacy: An indicator of attitudes in linguistic communication},
  author={Mehrabian, A.},
  journal={Journal of Personality},
  volume={34},
  number={1},
  pages={26--34},
  year={1966},
  publisher={Wiley Online Library}
}

@article{burgoon1986communicative,
  title={Communicative effects of gaze behavior},
  author={Burgoon, J. K. and Coker, D. A. and Coker, R. A.},
  journal={Human Communication Research},
  volume={12},
  number={4},
  pages={495--524},
  year={1986},
  publisher={Wiley Online Library}
}

@phdthesis{beebe1976effects,
  title={Effects of Eye Contact, Posture and Vocal Inflection upon Credibility and Comprehension},
  author={Beebe, S. A.},
  year={1976},
  school = {University of Missouri-Columbia}
}

@article{sherwood1987facilitative,
  title={Facilitative effects of gaze upon learning},
  author={Sherwood, J. V.},
  journal={Perceptual and Motor Skills},
  volume={64},
  number={3},
  pages={1275--1278},
  year={1987},
  publisher={Perceptual \& Motor Skills}
}

@article{otteson1980effect,
  title={Effect of teacher's gaze on children's story recall.},
  author={Otteson, J. P. and Otteson, C. R.},
  journal={Perceptual and Motor Skills},
  volume={50},
  number={1},
  pages={35--42},
  year={1980},
  publisher={Perceptual \& Motor Skills}
}

@article{mumm2011motivational,
 author = {Mumm, J. and Mutlu, B.},
 title = {Designing motivational agents: The role of praise, social comparison, and embodiment in computer feedback},
 journal = {Computers in Human Behavior},
 issue_date = {September, 2011},
 volume = {27},
 number = {5},
 month = sep,
 year = {2011},
 pages = {1643--1650},
 numpages = {8},
 publisher = {Elsevier Science Publishers B. V.},
 address = {Amsterdam, The Netherlands, The Netherlands},
 keywords = {Computer agents, Embodiment, Feedback, Motivation, Praise, Social comparison},
}

@INPROCEEDINGS{kuzuoka2010reconfiguring,
author={Kuzuoka, H. and Suzuki, Y. and Yamashita, J. and Yamazaki, K.},
booktitle={Proceedings of 5th ACM/IEEE International Conference on Human-Robot Interaction},
series={HRI '10},
title={Reconfiguring spatial formation arrangement by robot body orientation},
year={2010},
pages={285-292},
keywords={position control;robots;F-formation arrangement;reconfiguring spatial formation arrangement;robot body orientation;Art;Human robot interaction;Instruments;Laboratories;Merchandise;Orbital robotics;Psychology;Systems engineering and theory;Torque;F-formation;body torque;communication robot;human-robot interaction}
}

@article{alkan2011differentiation,
author = {Alkan, Y. and Biswal, B. B. and Alvarez, T. L.},
title = {Differentiation between Vergence and Saccadic Functional Activity within the Human Frontal Eye Fields and Midbrain Revealed through fMRI},
journal = {PLoS One},
volume = {6},
number = {11},
month = nov,
year = {2011}
}

@article{schegloff1998bodytorque,
Author = {Schegloff, E. A.},
ISSN = {0037783X},
Journal = {Social Research},
Number = {3},
Pages = {535 - 596},
Title = {Body torque},
Volume = {65},
Year = {1998},
}

@article{scaife1975infant,
author = {Scaife, M. and Bruner, J. S.},
title = {The capacity for joint visual attention in the infant},
journal = {Nature},
volume = {253},
number = {1},
year = {1975},
pages = {265-266},
publisher = {PLOS}
}

@article{perlin2002improving,
 author = {Perlin, K.},
 title = {Improving noise},
 journal = {ACM Transactions on Graphics},
 issue_date = {July 2002},
 volume = {21},
 number = {3},
 month = jul,
 year = {2002},
 issn = {0730-0301},
 pages = {681--682},
 numpages = {2},
 publisher = {ACM},
 address = {New York, NY, USA}
}

@article{langton2000eyes,
title = {Do the eyes have it? Cues to the direction of social attention},
journal = {Trends in Cognitive Sciences},
volume = {4},
number = {2},
pages = {50-59},
year = {2000},
issn = {1364-6613},
author = {Langton, S. R. H. and Watt, R. J. and Bruce, V.}
}

@article{pomianowska2011socialcues,
year={2011},
journal={Frontiers in integrative neuroscience},
title={The role of social cues in the deployment of spatial attention: head-body
relationships automatically activate directional spatial codes in a Simon task},
author={Pomianowska, I. and Germeys, F. and Verfaillie, K. and Newell, F. N.},
volume={6},
number={4},
language={English}
}

@article{hietanen2002social,
year={2002},
issn={0340-0727},
journal={Psychological Research},
volume={66},
number={3},
title={Social attention orienting integrates visual information from head and body orientation},
publisher={Springer-Verlag},
author={Hietanen, J. K.},
pages={174-179},
language={English}
}

@article{hietanen1999does,
  title={Does your gaze direction and head orientation shift my visual attention?},
  author={Hietanen, J. K.},
  journal={Neuroreport},
  volume={10},
  number={16},
  pages={3443},
  year={1999}
}

@incollection {woodward2005infants,
   author = {Woodward, A.},
   title = {Infants' understanding of the actions involved in joint attention},
   booktitle = {Joint attention: Communication and Other Minds},
   publisher = {Oxford University Press},
   year = {2005},
   pages={110-128}
}

@incollection {mumme2007actions,
   author = {Mumme, D. L. and Bushnell, E. W. and DiCorcia, J. A. and Lariviere, L. A.},
   title = {Infants' Use of Gaze Cues to Interpret Others' Actions and Emotional Reactions},
   booktitle = {Gaze Following: Its Development and Significance},
   publisher = {Lawrence Erlbaum Associates},
   year = {2007},
   pages={143-170}
}

@incollection {dentremont2007early,
   author = {D'Entremont, B. and Yazbeck, A. and Morgan, A. and MacAulay, S.},
   title = {Early gaze-following and the understanding of others},
   booktitle = {Gaze Following: Its Development and Significance},
   publisher = {Lawrence Erlbaum Associates},
   year = {2007},
   pages = {77-94},
   editor = {Flomm, R. and Lee, K. and Muir, D.}
}

@incollection{kendon2010spacing,
year={2010},
booktitle={Development of Multimodal Interfaces: Active Listening and Synchrony},
volume={5967},
series={Lecture Notes in Computer Science},
title={Spacing and Orientation in Co-present Interaction},
publisher={Springer Berlin Heidelberg},
author={Kendon, A.},
pages={1-15},
}

@incollection {kendon1973visible,
   author = {Kendon, A.},
   title = {The role of visible behaviour in the organization of social interaction},
   booktitle = {Social Communication and Movement},
   editor = {Cranach, M. V. and Vine, I.},
   pages = {29--74},
   publisher = {Academic Press},
   year = {1973}
}

@article{gibson1963looking,
 title = {Perception of Another Person's Looking Behavior},
 author = {Gibson, J. J. and Pick, A. D.},
 journal = {The American Journal of Psychology},
 volume = {76},
 number = {3},
 pages = {386-394},
 ISSN = {00029556},
 language = {English},
 year = {1963},
 publisher = {University of Illinois Press},
 copyright = {Copyright � 1963 University of Illinois Press},
}

@article{pejsa2013stylized,
year={2013},
journal={Computer Graphics Forum},
volume={32},
number={2},
pages={143--152},
title={Stylized and Performative Gaze for Character Animation},
author={Pejsa, T. and Mutlu, B. and Gleicher M.},
language={English}
}

@article{kim2010headmodel,
year={2010},
journal={Ergonomics},
volume={53},
number={4},
title={A model of head movement contribution for gaze transitions},
author={Kim, K. H. and Reed, M. and Martin, B.},
pages={447-457},
language={English}
}

@article{hollands2004wholebody,
year={2004},
issn={0014-4819},
journal={Experimental Brain Research},
volume={154},
number={2},
title={A new paradigm to investigate the roles of head and eye movements in the coordination of whole-body movements},
publisher={Springer-Verlag},
author={Hollands, M. A. and Ziavra, N. V. and Bronstein, A. M.},
pages={261-266},
language={English}
}

@article{mccluskey2007monkeys,
author = {McCluskey, M. K. and Cullen, K. E.},
title = {Eye, Head, and Body Coordination During Large Gaze Shifts in Rhesus Monkeys: Movement Kinematics and the Influence of Posture},
volume = {97},
number = {4},
pages = {2976-2991},
year = {2007},
journal = {Journal of Neurophysiology}
}

@article{anastasopoulos2009gazedisp,
year={2009},
issn={0014-4819},
journal={Experimental Brain Research},
volume={193},
number={3},
title={Gaze displacement and inter-segmental coordination during large whole body voluntary rotations},
publisher={Springer-Verlag},
keywords={Vestibular; Gaze shift; Eye movements; Latencies; Trunk motion},
author={Anastasopoulos, D. and Ziavra, N. and Hollands, M. and Bronstein, A.},
pages={323-336},
language={English}
}

@inproceedings{kittur2008crowdsourcing,
 author = {Kittur, A. and Chi, E. H. and Suh, B.},
 title = {Crowdsourcing user studies with Mechanical Turk},
 booktitle = {Proceedings of ACM/CHI 2008 Conference on Human factors in Computing Systems},
 series = {CHI '08},
 year = {2008},
 isbn = {978-1-60558-011-1},
 location = {Florence, Italy},
 pages = {453--456},
 publisher = {ACM},
 address = {New York, NY, USA},
 keywords = {Mechanical Turk, Wikipedia, micro task, remote user study},
}

@article{grillon2009crowds,
 author = {Grillon, H. and Thalmann, D.},
 title = {Simulating gaze attention behaviors for crowds},
 journal = {Computer Animation and Virtual Worlds},
 issue_date = {June 2009},
 volume = {20},
 number = {2\-3},
 month = jun,
 year = {2009},
 issn = {1546-4261},
 pages = {111--119},
 publisher = {John Wiley and Sons Ltd.},
 address = {Chichester, UK}
}

@inproceedings{gu2006attention,
 author = {Gu, E. and Badler, N. I.},
 title = {Visual attention and eye gaze during multiparty conversations with distractions},
 booktitle = {Proceedings of 6th International Conference on Intelligent Virtual Agents},
 series={IVA '06},
 year = {2006},
 location = {Marina Del Rey, CA},
 pages = {193--204},
 numpages = {12},
 publisher = {Springer-Verlag}
}

@inproceedings{li2009expressive,
 author = {Li, Z. and Mao, X. and Liu, L.},
 title = {Providing expressive eye movement to virtual agents},
 booktitle = {Proceedings of the 2009 international conference on multimodal interfaces},
 series = {ICMI-MLMI '09},
 year = {2009},
 isbn = {978-1-60558-772-1},
 location = {Cambridge, Massachusetts, USA},
 pages = {241--244},
 numpages = {4},
 keywords = {eye movement, nonverbal behavior, virtual agent},
}

@article{julnes1989analysis,
  title={Analysis of no-difference findings in evaluation research},
  author={Julnes, G. and Mohr, L. B.},
  journal={Evaluation Review},
  volume={13},
  number={6},
  pages={628--655},
  year={1989},
  publisher={Sage Publications}
}

@incollection {cranach1973looking,
   author = {Cranach, M. von and Ellgring, J. H.},
   title = {The perception of looking behaviour},
   booktitle = {Social Communication and Movement},
   publisher = {Academic Press},
   year = {1973}
}

@article {evinger1994lookleap,
   author = {Evinger, C. and Manning, K. A. and Pellegrini, J. J. and Basso, M. A. and Powers, A. S. and Sibony, P. A.},
   title = {Not looking while leaping: the linkage of blinking and saccadic gaze shifts},
   journal = {Experimental Brain Research},
   publisher = {Springer Berlin / Heidelberg},
   keyword = {Biomedical and Life Sciences},
   pages = {337-344},
   volume = {100},
   number = {2},
   year = {1994}
}

@article{goldberg1969visual,
 jstor_articletype = {research-article},
 title = {Visual Behavior and Face-to-Face Distance During Interaction},
 author = {Goldberg, G. N. and Kiesler, C. A. and Collins, B. E.},
 journal = {Sociometry},
 jstor_issuetitle = {},
 volume = {32},
 number = {1},
 jstor_formatteddate = {Mar., 1969},
 pages = {pp. 43-53},
 language = {English},
 year = {1969},
 publisher = {American Sociological Association}
}

@article{mason2005love,
author = {Mason, M/ F. and Tatkow, E. P. and Macrae, C. N.},
title = {The Look of Love: Gaze Shifts and Person Perception},
volume = {16},
number = {3},
pages = {236-239},
year = {2005},
journal = {Psychological Science}
}

@article {bayliss2006affective,
   author = {Bayliss, A. and Paul, M. and Cannon, P. and Tipper, S.},
   affiliation = {School of Psychology, University of Wales, Brigantia Building, Penrallt Road, LL57 2AS Bangor, Gwynedd Wales},
   title = {Gaze cuing and affective judgments of objects: I like what you look at},
   journal = {Psychonomic Bulletin \& Review},
   publisher = {Springer New York},
   keyword = {Behavioral Science},
   pages = {1061-1066},
   volume = {13},
   issue = {6},
   year = {2006}
}

@article{wang2006filter,
 author = {Wang, J. and Drucker, S. M. and Agrawala, M. and Cohen, M. F.},
 title = {The cartoon animation filter},
 journal = {ACM Transactions on Graphics},
 issue_date = {July 2006},
 volume = {25},
 number = {3},
 month = jul,
 year = {2006},
 pages = {1169--1173},
 numpages = {5},
 publisher = {ACM},
 address = {New York, NY, USA},
}

@incollection {kim2006anticipation,
   author = {Kim, J.-H. and Choi, J.-J. and Shin, H. and Lee, I.-K.},
   affiliation = {Department of Digital Media, Ajou University, Rep. of Korea},
   title = {Anticipation Effect Generation for Character Animation},
   booktitle = {Advances in Computer Graphics},
   series = {Lecture Notes in Computer Science},
   editor = {Nishita, Tomoyuki and Peng, Qunsheng and Seidel, Hans-Peter},
   publisher = {Springer Berlin / Heidelberg},
   keyword = {Computer Science},
   pages = {639-646},
   volume = {4035},
   year = {2006}
}

@article{kwon2011slowin,
title = "An animation bilateral filter for slow-in and slow-out effects",
journal = "Graphical Models",
volume = "73",
number = "5",
pages = "141 - 150",
year = "2011",
note = "",
author = "Kwon, J.-Y. and Lee, I.-K.",
keywords = "Slow-in and slow-out",
keywords = "Bilateral filter",
keywords = "Cartoon animation",
keywords = "Animation signal processing"
}

@ARTICLE{kwon2012squash,
author={Kwon, J.-Y. and Lee, I.-K.},
journal={IEEE TVCG},
title={The Squash-and-Stretch Stylization for Character Motions},
year={2012},
volume={18},
number={3},
pages={488--500}
}

@article {noble2007deform,
   author = {Noble, P. and Tang, W.},
   affiliation = {University of Teesside School of Computing Middlesbrough Tees Valley TS1 3BA UK Middlesbrough Tees Valley TS1 3BA UK},
   title = {Automatic expressive deformations for implying and stylizing motion},
   journal = {The Visual Computer},
   publisher = {Springer Berlin / Heidelberg},
   keyword = {Computer Science},
   pages = {523-533},
   volume = {23},
   year = {2007}
}

@article{lasseter1987principles,
 author = {Lasseter, J.},
 title = {Principles of traditional animation applied to 3D computer animation},
 journal = {Computer Graphics},
 issue_date = {July 1987},
 volume = {21},
 number = {4},
 month = aug,
 year = {1987},
 pages = {35--44},
 numpages = {10},
 publisher = {ACM},
 address = {New York, NY, USA},
}

@inproceedings{rademacher1999view,
 author = {Rademacher, P.},
 title = {View-dependent geometry},
 booktitle = {Proceedings of the 26th annual conference on Computer graphics and interactive techniques},
 series = {SIGGRAPH '99},
 year = {1999},
 pages = {439--446},
 numpages = {8},
 publisher = {ACM Press/Addison-Wesley Publishing Co.},
 address = {New York, NY, USA},
 keywords = {3D animation, 3D blending, animation systems, cartoon animation, non-photorealistic rendering, rendering},
}

@book{thomas1981illusion,
	author = {Thomas, F. and Johnston, O.},
    publisher = {Disney Editions},
    title = {{The Illusion of Life: Disney Animation}},
    year = {1981},
}

@book{white1988workbook,
	author = {White, T.},
    publisher = {Watson-Guptill Publications},
    title = {{The Animator's Workbook}},
    year = {1988},
}

@book{argyle1976gaze,
	Author = {Argyle, M. and Cook, M.},
	Publisher = {Cambridge University Press},
	Title = {{Gaze and mutual gaze}},
	Year = {1976}
}
	
@ techreport{ipeirotis2010demographics,
	title={{Demographics of Mechanical Turk}},
	author={Ipeirotis, P. G.},
	number={CeDER-10-01},
	year={2010}
}

@article{hodgins2010saliency,
  title={The saliency of anomalies in animated human characters},
  author={Hodgins, J. and J\"{o}rg, S. and O'Sullivan, C. and Park, S. I. and Mahler, M.},
  journal={ACM Transactions on Graphics},
  volume={7},
  number={4},
  pages={1--14},
  year={2010},
  publisher={ACM}
}

@book{parke2008computer,
  title={Computer facial animation},
  author={Parke, F. I. and Waters, K.},
  year={2008},
  publisher={AK Peters Ltd}
}

@inproceedings{yee2007meta,
  title={A meta-analysis of the impact of the inclusion and realism of human-like faces on user experiences in interfaces},
  author={Yee, N. and Bailenson, J. N. and Rickertsen, K.},
  booktitle = {Proceedings of ACM/CHI 2007 Conference on Human factors in Computing Systems},
  pages={1--10},
  year={2007},
  organization={ACM}
}

@article{ma2011perceptual,
  title={Perceptual Analysis of Talking Avatar Head Movements: A Quantitative Perspective},
  author={Ma, X. and Le, B. H. and Deng, Z.},
  journal={CHI'11},
  year={2011}
}

@article{deng2005automated,
  title={Automated eye motion using texture synthesis},
  author={Deng, Z. and Lewis, J. P. and Neumann, U.},
  journal={IEEE Computer Graphics \& Applications},
  pages={24--30},
  year={2005},
  publisher={Published by the IEEE Computer Society}
}

@inproceedings{ma2009natural,
  title={Natural eye motion synthesis by modeling gaze-head coupling},
  author={Ma, X. and Deng, Z.},
  booktitle={Proceedings of the 2009 IEEE Virtual Reality Conference},
  pages={143--150},
  year={2009},
  organization={IEEE Computer Society}
}

@article{busso2005natural,
  title={Natural head motion synthesis driven by acoustic prosodic features},
  author={Busso, C. and Deng, Z. and Neumann, U. and Narayanan, S.},
  journal={Computer Animation and Virtual Worlds},
  volume={16},
  number={3-4},
  pages={283--290},
  year={2005},
  publisher={Wiley Online Library}
}

@inproceedings{lee2007rickel,
  title={The rickel gaze model: A window on the mind of a virtual human},
  author={Lee, J. and Marsella, S. and Traum, D. and Gratch, J. and Lance, B.},
  booktitle={Proceedings of 7th International Conference on Intelligent Virtual Agents},
  series={IVA '07},
  pages={296--303},
  year={2007},
  organization={Springer}
}

@article{khullar2001look,
  title={Where to look? Automating attending behaviors of virtual human characters},
  author={Khullar, S. C. and Badler, N. I.},
  journal={Autonomous Agents and Multi-Agent Systems},
  volume={4},
  number={1},
  pages={9--23},
  year={2001},
  publisher={Springer}
}

@book{thomas1981disney,
  title={Disney animation: The illusion of life},
  author={Thomas, F. and Johnston, O.},
  volume={1},
  year={1981},
  publisher={Abbeville Press New York}
}

@article{lance2010expressive,
  title={The Expressive Gaze Model: Using Gaze to Express Emotion},
  author={Lance, B. J. and Marsella, S. C.},
  journal={IEEE Computer Graphics \& Applications},
  volume={30},
  number={4},
  pages={62--73},
  year={2010},
  publisher={IEEE}
}

@inproceedings{mutlu2009footing,
  title={Footing in human-robot conversations: how robots might shape participant roles using gaze cues},
  author={Mutlu, B. and Shiwa, T. and Kanda, T. and Ishiguro, H. and Hagita, N.},
  booktitle={Proceedings of 4th ACM/IEEE International Conference on Human Robot Interaction},
  pages={61--68},
  year={2009},
  organization={ACM}
}

@article{gratch2002creating,
  title={Creating interactive virtual humans: Some assembly required},
  author={Gratch, J. and Rickel, J. and Andr{\'e}, E. and Cassell, J. and Petajan, E. and Badler, N.},
  journal={IEEE Intelligent Systems},
  volume={17},
  number={4},
  pages={54--63},
  year={2002},
  publisher={IEEE}
}

@article{guitton1987gaze,
  title={Gaze control in humans: eye-head coordination during orienting movements to targets within and beyond the oculomotor range},
  author={Guitton, D. and Volle, M.},
  journal={Journal of neurophysiology},
  volume={58},
  number={3},
  pages={427--59},
  year={1987},
  publisher={Am Physiological Soc}
}

@article{goldring1996combined,
  title={Combined eye-head gaze shifts to visual and auditory targets in humans},
  author={Goldring, J. E. and Dorris, M. C. and Corneil, B. D. and Ballantyne, P. A. and Munoz, D. R.},
  journal={Experimental brain research},
  volume={111},
  number={1},
  pages={68--78},
  year={1996},
  publisher={Springer}
}

@article{goossens1997human,
  title={Human eye-head coordination in two dimensions under different sensorimotor conditions},
  author={Goossens, H. H. and Opstal, A. J. V.},
  journal={Experimental Brain Research},
  volume={114},
  number={3},
  pages={542--560},
  year={1997},
  publisher={Springer}
}

@inproceedings{mutlu2006storytelling,
  title={A storytelling robot: Modeling and evaluation of human-like gaze behavior},
  author={Mutlu, B. and Forlizzi, J. and Hodgins, J.},
  booktitle={Proceedings of 6th IEEE-RAS International Conference on Humanoid Robots},
  pages={518--523},
  organization={IEEE},
  year={2006}
}

@inproceedings{thiebaux2008smartbody,
  title={Smartbody: Behavior realization for embodied conversational agents},
  author={Thiebaux, M. and Marsella, S. and Marshall, A. N. and Kallmann, M.},
  booktitle={Proceedings of 7th International Conference on Autonomous Agents and Multiagent Systems},
  series={AAMAS '08},
  pages={151--158},
  year={2008},
  organization={International Foundation for Autonomous Agents and Multiagent Systems}
}

@inproceedings{itti2006photorealistic,
  title={Photorealistic attention-based gaze animation},
  author={Itti, L. and Dhavale, N. and Pighin, F.},
  booktitle={2006 IEEE International Conference on Multimedia and Expo},
  pages={521--524},
  year={2006},
  organization={IEEE}
}

@inproceedings{brkic2010towards,
  title={Towards natural head movement of autonomous speaker agent},
  author={Brkic, M. and Smid, K. and Pejsa, T. and Pandzic, I. S.},
  booktitle={Knowledge-Based Intelligent Information and Engineering Systems},
  pages={73--80},
  year={2010}
}

@inproceedings{garau2001impact,
  title={The impact of eye gaze on communication using humanoid avatars},
  author={Garau, M. and Slater, M. and Bee, S. and Sasse, M. A.},
  booktitle={Proceedings of ACM/CHI 2001 Conference on Human factors in Computing Systems},
  pages={309--316},
  year={2001},
  organization={ACM}
}

@inproceedings{pelachaud2003modelling,
  title={Modelling gaze behavior for conversational agents},
  author={Pelachaud, C. and Bilvi, M.},
  booktitle={Proceedings of 4th International Workshop on Intelligent Virtual Agents},
  series={IVA '03},
  pages={93--100},
  year={2003},
  organization={Springer}
}

@article{poggi2000eye,
  title={Eye communication in a conversational 3D synthetic agent},
  author={Poggi, I. and Pelachaud, C. and De Rosis, F.},
  journal={AI communications},
  volume={13},
  number={3},
  pages={169--181},
  year={2000},
  publisher={IOS Press}
}

@inproceedings{lee2002eyes,
  title={Eyes alive},
  author={Lee, S. P. and Badler, J. B. and Badler, N. I.},
  booktitle={ACM Transactions on Graphics},
  volume={21},
  pages={637--644},
  year={2002}
}

@phdthesis{heck2007automated,
  author={Heck, R. M.},
  title={Automated authoring of quality human motion for interactive environments},
  year={2007},
  school={University of Wisconsin--Madison}
}

@article{queiroz2008providing,
  title={Providing expressive gaze to virtual animated characters in interactive applications},
  author={Queiroz, R. B. and Barros, L. M. and Musse, S. R.},
  journal={Computers in Entertainment (CIE)},
  volume={6},
  number={3},
  pages={41},
  year={2008},
  publisher={ACM}
}

@article{becker2010effectiveness,
  title={The effectiveness of a gaze cue depends on the facial expression of emotion: Evidence from simultaneous competing cues},
  author={Becker, M. W.},
  journal={Attention, Perception, \& Psychophysics},
  volume={72},
  number={7},
  pages={1814},
  year={2010},
  publisher={Psychonomic Society Publications}
}

@article{morii1995computer,
  title={Computer graphics eye-animation and feeling of gaze line},
  author={Morii, K. and Kishino, F. and Tetsutani, N.},
  journal={Electronics and Communications in Japan (Part III: Fundamental Electronic Science)},
  volume={78},
  number={11},
  pages={39--51},
  year={1995},
  publisher={Wiley Online Library}
}

@inproceedings{cafaro2009animating,
  title={Animating idle gaze in public places},
  author={Cafaro, A. and Gaito, R. and Vilhj{\'a}lmsson, H.},
  booktitle={Proceedings of 9th International Conference on Intelligent Virtual Agents},
  series = {IVA '09},
  pages={250--256},
  year={2009},
  organization={Springer}
}

@article{fuller1992head,
  title={Head movement propensity},
  author={Fuller, J. H.},
  journal={Experimental Brain Research},
  volume={92},
  number={1},
  pages={152--164},
  year={1992},
  publisher={Springer}
}

@article{zangemeister1982gaze,
  title={Gaze latency: variable interactions of head and eye latency},
  author={Zangemeister, W. H. and Stark, L.},
  journal={Experimental Neurology},
  volume={75},
  number={2},
  pages={389--406},
  year={1982},
  publisher={Elsevier}
}

@article{kim2007head,
  title={Head movement control in visually guided tasks: Postural goal and optimality},
  author={Kim, K. H. and Brent Gillespie, R. and Martin, B. J.},
  journal={Computers in Biology and Medicine},
  volume={37},
  number={7},
  pages={1009--1019},
  year={2007},
  publisher={Elsevier}
}

@article{tipples2006fear,
  title={Fear and fearfulness potentiate automatic orienting to eye gaze},
  author={Tipples, J.},
  journal={Cognition \& Emotion},
  volume={20},
  number={2},
  pages={309--320},
  year={2006},
  publisher={Psychology Press}
}

@article{frischen2007gaze,
  title={Gaze cueing of attention: Visual attention, social cognition, and individual differences.},
  author={Frischen, A. and Bayliss, A. P. and Tipper, S. P.},
  journal={Psychological bulletin},
  volume={133},
  number={4},
  pages={694--724},
  year={2007},
  publisher={American Psychological Association}
}
%pages={694},

@article{freedman2000coordination,
  title={Coordination of the eyes and head: movement kinematics},
  author={Freedman, E. G. and Sparks, D. L.},
  journal={Experimental Brain Research},
  volume={131},
  number={1},
  pages={22--32},
  year={2000}
}

@article{zangemeister1982types,
  title={Types of gaze movement: variable interactions of eye and head movements},
  author={Zangemeister, W. H. and Stark, L.},
  journal={Experimental Neurology},
  volume={77},
  number={3},
  pages={563--577},
  year={1982},
  publisher={Elsevier}
}

@inproceedings{tartaro2006authorable,
  title={Authorable virtual peers for autism spectrum disorders},
  author={Tartaro, A. and Cassell, J.},
  booktitle={Proceedings of the Combined workshop on Language-Enabled Educational Technology and Development and Evaluation for Robust Spoken Dialogue Systems at the 17th European Conference on Artificial Intellegence},
  year={2006},
  organization={Citeseer}
}

@incollection{cassell1999turn,
  title={Turn taking vs. discourse structure: How best to model multimodal conversation},
  author={Cassell, J. and Torres, O. and Prevost, S.},
  booktitle={Machine conversations},
  editor={Wilks, Y},
  pages={143--154},
  year={1999},
  publisher={Kluwer},
  address={The Hague}
}

@article{pelz2001coordination,
  title={The coordination of eye, head, and hand movements in a natural task},
  author={Pelz, J. and Hayhoe, M. and Loeber, R.},
  journal={Experimental Brain Research},
  volume={139},
  number={3},
  pages={266--277},
  year={2001},
  publisher={Springer}
}

@article{doughty2002further,
  title={Further assessment of gender-and blink pattern-related differences in the spontaneous eyeblink activity in primary gaze in young adult humans},
  author={Doughty, M. J.},
  journal={Optometry \& Vision Science},
  volume={79},
  number={7},
  pages={439},
  year={2002}
}

@article{freedman1997activity,
  title={Activity of cells in the deeper layers of the superior colliculus of the rhesus monkey: evidence for a gaze displacement command},
  author={Freedman, E. G. and Sparks, D. L.},
  journal={Journal of neurophysiology},
  volume={78},
  number={3},
  pages={1669--90},
  year={1997},
  publisher={Am Physiological Soc}
}

@inproceedings{andrist2012designing,
 author = {Andrist, S. and Pejsa, T. and Mutlu, B. and Gleicher, M.},
 title = {Designing effective gaze mechanisms for virtual agents},
 booktitle = {Proceedings of ACM/CHI 2012 Conference on Human factors in Computing Systems},
 location = {Austin, Texas, USA},
 pages = {705--714},
 year = {2012},
 publisher = {ACM},
 address = {New York, NY, USA}
}

@inproceedings{andrist2012headeye,
 author = {Andrist, S. and Pejsa, T. and Mutlu, B. and Gleicher, M.},
 title = {A Head-Eye Coordination Model for Animating Gaze Shifts of Virtual Characters},
 booktitle = {Proceedings of 4th ICMI Workshop on Eye Gaze in Intelligent Human Machine Interaction},
 series = {Gaze-In '12},
 location = {Santa Monica, California, USA},
 year = {2012},
 pages = {4:1--4:6},
 publisher = {ACM},
 address = {New York, NY, USA}
}

@inproceedings{fukayama2002messages,
  title={Messages embedded in gaze of interface agents---impression management with agent's gaze},
  author={Fukayama, A. and Ohno, T. and Mukawa, N. and Sawaki, M. and Hagita, N.},
  booktitle = {Proceedings of ACM/CHI 2002 Conference on Human factors in Computing Systems},
  pages={41--48},
  year={2002},
  organization={ACM}
}

@article{bentivoglio1997blinkrate,
author = {Bentivoglio, A. R. and Bressman, S. B. and Cassetta, E. and Carretta, D. and Tonali, P. and Albanese, A.},
title = {Analysis of blink rate patterns in normal subjects},
journal = {Movement disorders: official journal of the Movement Disorder Society},
volume = {12},
number = {6},
year = {1997},
pages = {1028-34},
publisher = {Raven Press}
}

@article{peters2010animating,
 author = {Peters, C. and Qureshi, A.},
 title = {A head movement propensity model for animating gaze shifts and blinks of virtual characters},
 journal = {Computers \& Graphics},
 volume = {34},
 number = {6},
 year = {2010},
 pages = {677--687},
 publisher = {Pergamon Press, Inc.}
}

@misc{unity3d,
  title = {{Unity Game Engine}},
  howpublished = "\url{http://unity3d.com/}"
}

@misc{daz3d,
  title = {{DAZ3D}},
  howpublished = "\url{http://www.daz3d.com/}"
}

@misc{facegen,
  title = {{FaceGen}},
  howpublished = "\url{http://www.facegen.com//}"
}
